
% Ce fichier doit lister toutes vos références bibliographiques.
% Seules celles appelées par la commande \cite (cf. poly LaTeX) seront 
% automatiquement incorporées dans votre document grâce à bibtex
% et à la séquence des 4 commandes suivantes :
%
%      latex <fichier-tex-sans-extension> 
%      bibtex <fichier-tex-sans-extension> 
%      latex <fichier-tex-sans-extension> 
%      latex <fichier-tex-sans-extension> 
		  
		  
		  
% Pour créer une nouvelle entrée bibliographique dans ce fichier :
%      sous xemacs, dans ce fichier, dans la zone de texte, cliquer
%      sur le bouton droit de la souris et choisir le type de 
%      référence. Compléter les différents champs. Supprimer les
%      champs optionnels non utilisés. Ne pas oublier la clé 
%      d'accès à la référence nécessaire pour la commande \cite 
%      (par exemple "lamport:latex:94").
		  

@phdthesis{rest-fielding,
  author = 	 "Fielding, Roy Thomas",
  title = 	 "Architectural Styles and the Design of Network-based Software Architectures",
  school = "University of California, Irvine",
  year = 	 "2000",
	type = "Doctoral dissertation"
}

@misc{ajax-preflight,
	author = "Torben",
	title = "AJAX cross domain requests with CORS",
	howpublished = "http://pixelsvsbytes.com/blog/2011/12/ajax-cross-domain-requests-with-cors/"
}